% This file was created with Citavi 6.6.0.0

@misc{AWS2020.,
	title = {Was ist Amazon EC2?},
	url = {https://docs.aws.amazon.com/de_de/AWSEC2/latest/UserGuide/concepts.html},
	urldate = {30.10.2020}
}


@book{Cao.2018,
 author = {Cao, Longbing},
 year = {2018},
 title = {Data Science Thinking},
 address = {Cham},
 publisher = {{Springer International Publishing}},
 isbn = {978-3-319-95091-4},
 doi = {10.1007/978-3-319-95092-1},
 file = {(G-DSci) Data Science Thinking_Cao:C\:\\Users\\PaulJulitz\\Documents\\Citavi 6\\Projects\\DSci\\Citavi Attachments\\(G-DSci) Data Science Thinking_Cao.pdf:pdf}
}


@book{Oettinger.2017,
 author = {Oettinger, Michael},
 year = {2017},
 title = {Data Science: Eine praxisorientierte Einf{\"u}hrung im Umfeld von Machine Learning, k{\"u}nstlicher Intelligenz und Big Data},
 keywords = {K{\"u}nstliche Intelligenz;Maschinelles Lernen;Massendaten},
 address = {Hamburg},
 publisher = {tredition},
 isbn = {9783743936287},
 file = {(G-DSci) Data Science_Oettinger:C\:\\Users\\PaulJulitz\\Documents\\Citavi 6\\Projects\\DSci\\Citavi Attachments\\(G-DSci) Data Science_Oettinger.pdf:pdf}
}


