% This file was created manualy to track entry to provided by citaiv

@misc{Geeks.Web,
	title = {GeeksforGeeks},
	url = {https://www.geeksforgeeks.org/what-is-a-git-repository/},
	urldate = {02.11.2020}
}


@misc{stackoverflow.Diff,
 title = {stackoverflow},
 url ={https://stackoverflow.com/questions/45034549/difference-between-git-gui-git-bash-git-cmd#:~:text=(Command%20Line%20prompt)%20is%20the,cmd%20to%20run%20git%20commands.},
 urldate = {04.11.2020}
}

@misc{wiki.pyh,
	title = {Wikipedia},
	url ={https://en.wikipedia.org/wiki/Python_(programming_language)},
	urldate = {24.11.2020}
}

@misc{wiki.HTTP,
	title = {Wikipedia},
	url ={https://en.wikipedia.org/wiki/Hypertext_Transfer_Protocol},
	urldate = {28.12.2020}
}

@misc{wiki.URL,
	title = {Wikipedia},
	url ={https://en.wikipedia.org/wiki/URL},
	urldate = {28.12.2020}
}


@misc{log.1,
	title = {log.1},
	url ={https://www.datacamp.com/community/tutorials/logistic-regression-R}
}

@misc{log.2,
	title = {log.2},
	url ={https://www.datacamp.com/community/tutorials/understanding-logistic-regression-python}
}


@misc{log.3,
	title = {log.3},
	url ={https://towardsdatascience.com/logistic-regression-detailed-overview-46c4da4303bc}
}

@misc{log.4,
	title = {log.4},
	url ={https://sebastianraschka.com/faq/docs/logistic_regression_linear.html}
}

@misc{log.5,
	title = {log.5},
	url ={https://medium.com/analytics-vidhya/logistic-regression-b35d2801a29c}
}
@misc{log.6,
	title = {log.6},
	url ={https://youtu.be/EVEXFAciqkE}
}
@misc{log.7,
	title = {log.7},
	url ={https://en.wikipedia.org/wiki/Polynomial_regression}
}
@misc{log.8,
	title = {log.8},
	url ={https://stats.stackexchange.com/questions/92001/polynomial-term-in-logistic-regression}
}
@misc{log.9,
	title = {log.9},
	url ={https://iopscience.iop.org/article/10.1088/1755-1315/267/4/042077/pdf}
}
@misc{log.10,
	title = {log.10},
	url ={https://towardsdatascience.com/machine-learning-102-logistic-regression-with-polynomial-features-98a208688c17}
}

@misc{log.11,
	title = {log.11},
	url ={https://en.wikipedia.org/wiki/Logistic_regression#Logistic_model}
}


@misc{log.12,
	title = {log.12},
	url ={https://rufiismada.files.wordpress.com/2012/02/regression__linear_models_in_statistics.pdf}
}


@misc{log.13,
	title = {log.13},
	url ={https://stat.ethz.ch/education/semesters/WS_2006_07/asr/Stat.pdf}
}


@misc{log.14,
	title = {log.14},
	url ={https://statmath.wu.ac.at/courses/heather_turner/glmCourse_001.pdf}
}


@misc{log.15,
	title = {log.15},
	url ={https://stat.ethz.ch/~stahel/courses/cheming/nlreg.pdf}
}


@misc{log.17,
	title = {log.17},
	url ={https://iopscience.iop.org/article/10.1088/1755-1315/267/4/042077/pdf#:~:text=In%20polynomial%20logistic%20regression%2C%20the,over%2Dfitting%20phenomenon%20will%20occur.}
}

@misc{log.18,
	title = {log.18},
	url ={https://towardsdatascience.com/logistic-regression-and-decision-boundary-eab6e00c1e8#:~:text=The%20fundamental%20application%20of%20logistic,classes%20or%20multi%2Dclass%20classification.}
}

@book{Mathemathik.Arens,
	title = Mathematik,
	year = 2008,
	author = {Tilo Arens, Frank Hettlich, Christian Karpfinger, Ulrich Kockelkorn, Klaus Lichtenegger},
	publisher = Springer,
	isbn = 978-3-662-56740-1
}

@book{Stochastik.Henze,
	title = {Stochastic für Anfänger}),
	year = 2018,
	author = Norbert Henze,
	publisher = Springer,
	isbn = 978-3-658-22043-3
}

@book{Feldman-Barrett.Lisa,
	title = {How Emotions are Made}),
	year = 2017,
	author = Lisa Feldman-Barrett
	publisher = Houghton Mifflin Harcout Publishing Company,
	isbn = 978-0-544-13331-0
}