% This file was created with Citavi 6.6.0.0

@misc{AWS2020.,
	title = {Was ist Amazon EC2},
	url = {https://docs.aws.amazon.com/de_de/AWSEC2/latest/UserGuide/concepts.html}
}


@book{Cao.2018,
 author = {Cao, Longbing},
 year = {2018},
 title = {Data Science Thinking},
 address = {Cham},
 publisher = {{Springer International Publishing}},
 isbn = {978-3-319-95091-4},
 doi = {10.1007/978-3-319-95092-1},
 file = {(G-DSci) Data Science Thinking_Cao:C\:\\Users\\PaulJulitz\\Documents\\Citavi 6\\Projects\\DSci\\Citavi Attachments\\(G-DSci) Data Science Thinking_Cao.pdf:pdf}
}


@book{Oettinger.2017,
 author = {Oettinger, Michael},
 year = {2017},
 title = {Data Science},
 keywords = {K{\"u}nstliche Intelligenz;Maschinelles Lernen;Massendaten},
 address = {Hamburg},
 publisher = {tredition},
 isbn = {9783743936287},
 file = {(G-DSci) Data Science_Oettinger:C\:\\Users\\PaulJulitz\\Documents\\Citavi 6\\Projects\\DSci\\Citavi Attachments\\(G-DSci) Data Science_Oettinger.pdf:pdf}
}

% This file was created manualy to track entry to provided by citaiv

@misc{Geeks.2020,
	title = {GeeksforGeeks},
	url = {https://www.geeksforgeeks.org/what-is-a-git-repository/}
}


@misc{stackoverflow.Diff,
	title = {stackoverflow},
	url ={https://stackoverflow.com/questions/45034549/difference-between-git-gui-git-bash-git-cmd#:~:text=(Command%20Line%20prompt)%20is%20the,cmd%20to%20run%20git%20commands.}
}

@misc{wiki.pyh,
	title = {Wikipedia1},
	url ={https://en.wikipedia.org/wiki/Python_(programming_language)}
}

@misc{wiki.HTTP,
	title = {Wikipedia2},
	url ={https://en.wikipedia.org/wiki/Hypertext_Transfer_Protocol}
}

@misc{wiki.URL,
	title = {Wikipedia3},
	url ={https://en.wikipedia.org/wiki/URL}
}


@misc{URL.Python-Tutorial,
	title = {Pyplot-Tutornial},
	url ={https://matplotlib.org/stable/tutorials/introductory/pyplot.html}
}

@misc{Book.Python-DSci,
	title = {Python Data Science Handbook},
	url ={C:/Users/PaulJulitz/OneDrive%20-%20Deutsche%20Bahn/B%C3%BCcher/Data%20Science/G%20-%20Guide%20for%20Data%20Science/(Py)/(G-DSci)%20Python%20Data%20Science%20Handbook_Plas.pdf},
}

@misc{log.1,
	title = {log.1},
	url ={https://www.datacamp.com/community/tutorials/logistic-regression-R}
}

@misc{log.2,
	title = {log.2},
	url ={https://www.datacamp.com/community/tutorials/understanding-logistic-regression-python}
}


@misc{log.3,
	title = {log.3},
	url ={https://towardsdatascience.com/logistic-regression-detailed-overview-46c4da4303bc}
}

@misc{log.4,
title = {log.4},
url ={https://sebastianraschka.com/faq/docs/logistic_regression_linear.html}
}

@misc{log.5,
	title = {log.5},
	url ={https://medium.com/analytics-vidhya/logistic-regression-b35d2801a29c}
}
@misc{log.6,
	title = {log.6},
	url ={https://youtu.be/EVEXFAciqkE}
}
@misc{log.7,
	title = {log.7},
	url ={https://en.wikipedia.org/wiki/Polynomial_regression}
}
@misc{log.8,
	title = {log.8},
	url ={https://stats.stackexchange.com/questions/92001/polynomial-term-in-logistic-regression}
}
@misc{log.9,
	title = {log.9},
	url ={https://iopscience.iop.org/article/10.1088/1755-1315/267/4/042077/pdf}
}
@misc{log.10,
	title = {log.10},
	url ={https://towardsdatascience.com/machine-learning-102-logistic-regression-with-polynomial-features-98a208688c17}
}

@misc{log.11,
	title = {log.11},
	url ={https://en.wikipedia.org/wiki/Logistic_regression#Logistic_model}
}


@misc{log.12,
	title = {log.12},
	url ={https://rufiismada.files.wordpress.com/2012/02/regression__linear_models_in_statistics.pdf}
}


@misc{log.13,
	title = {log.13},
	url ={https://stat.ethz.ch/education/semesters/WS_2006_07/asr/Stat.pdf}
}


@misc{log.14,
	title = {log.14},
	url ={https://statmath.wu.ac.at/courses/heather_turner/glmCourse_001.pdf}
}


@misc{log.15,
	title = {log.15},
	url ={https://stat.ethz.ch/~stahel/courses/cheming/nlreg.pdf}
}


@misc{log.16,
	title = {log.16},
	url ={https://iopscience.iop.org/article/10.1088/1755-1315/267/4/042077/pdf#:~:text=In%20polynomial%20logistic%20regression%2C%20the,over%2Dfitting%20phenomenon%20will%20occur.}
}

@misc{log.17,
	title = {log.17},
	url ={https://towardsdatascience.com/logistic-regression-and-decision-boundary-eab6e00c1e8#:~:text=The%20fundamental%20application%20of%20logistic,classes%20or%20multi%2Dclass%20classification.}
}

@misc{Stochastik.01,
	title = {Stockastik.01},
	url ={https://www.uni-ulm.de/fileadmin/website_uni_ulm/mawi.inst.110/lehre/ws15/stoch_f_wiwi/stoch_wiwi_kap3.pdf}
}

@misc{Stochastik.02,
	title = {Stockastik.02},
	url ={https://www.massmatics.de/merkzettel/#!877:Zufallsgroesse}
}

@misc{Abbildung.01,
	title = {Notation.Abbildung},
	url = {https://www.stksachs.uni-leipzig.de/files/media/pdf/lehrbuecher/mathematik/propaed/abbildungen.pdf}
}


@book{Mathematik.Arens,
	author = {Tilo Arens},
	year = {2018},
	title = {Mathematik},
	publisher = {Springer Spektrum}
}

@book{Stochastik.Henze,
	author = {Norbert Henze},
	year = {2018},
	title = {Stochastik f√ºr Einsteiger},
	publisher = {Springer Spektrum}
}
